<record xmlns="http://www.loc.gov/MARC21/slim" xmlns:xsi="http://www.w3.org/2001/XMLSchema-instance" xsi:schemaLocation="http://www.loc.gov/MARC21/slim http://www.loc.gov/standards/marcxml/schema/MARC21slim.xsd"><leader>     nam a22        4500</leader><controlfield tag="001">3079548</controlfield><controlfield tag="003">NNC</controlfield><controlfield tag="006">m        d        </controlfield><controlfield tag="007">cr cn |||m|||a</controlfield><controlfield tag="008">150601s1949    ua      o     000 0 ara d</controlfield><datafield ind1=" " ind2=" " tag="040"><subfield code="a">NNU</subfield><subfield code="b">eng</subfield><subfield code="e">rda</subfield><subfield code="c">NNU</subfield></datafield><datafield ind1="1" ind2=" " tag="100"><subfield code="6">880-01</subfield><subfield code="a">Malat&#803;i&#772;, Muh&#803;ammad ibn Ah&#803;mad,</subfield><subfield code="d">-987 or 988.</subfield></datafield><datafield ind1="1" ind2="3" tag="245"><subfield code="6">880-02</subfield><subfield code="a">al-Tanbi&#772;h wa-al-radd &#699;ala&#769; ahl al-ahwa&#772;&#700; wa-al-bida&#699;.</subfield><subfield code="c">&#699;Arrafa al-kita&#772;b Muh&#803;ammad Za&#772;hid ibn al-H&#803;asan al-Kauthari&#772;.</subfield></datafield><datafield ind1=" " ind2=" " tag="260"><subfield code="6">880-03</subfield><subfield code="a">[Mis&#803;r] :</subfield><subfield code="b">&#699;Izzat al-&#699;At&#803;t&#803;a&#772;r,</subfield><subfield code="c">1949.</subfield></datafield><datafield ind1=" " ind2=" " tag="300"><subfield code="a">online resource (214 pages)</subfield></datafield><datafield ind1=" " ind2=" " tag="336"><subfield code="a">text</subfield><subfield code="2">rdacontent</subfield></datafield><datafield ind1=" " ind2=" " tag="337"><subfield code="a">computer</subfield><subfield code="2">rdamedia</subfield></datafield><datafield ind1=" " ind2=" " tag="338"><subfield code="a">online resource</subfield><subfield code="2">rdacarrier</subfield></datafield><datafield ind1=" " ind2=" " tag="500"><subfield code="a">Part of the Arabic Collections Online (ACO) project, contributed by Columbia University Libraries.</subfield></datafield><datafield ind1=" " ind2=" " tag="533"><subfield code="a">Electronic reproduction.</subfield><subfield code="b">New York, N.Y. :</subfield><subfield code="c">New York University,</subfield><subfield code="d">2015.</subfield><subfield code="5">NNU</subfield></datafield><datafield ind1=" " ind2="0" tag="650"><subfield code="a">Islam.</subfield></datafield><datafield ind1=" " ind2="7" tag="650"><subfield code="a">Islam.</subfield><subfield code="2">fast</subfield><subfield code="0">(OCoLC)fst00979776</subfield></datafield><datafield ind1="1" ind2=" " tag="700"><subfield code="6">880-04</subfield><subfield code="a">Kauthari&#772;, Muh&#803;ammad Za&#772;hid al-,</subfield><subfield code="d">1879-1952,</subfield><subfield code="e">editor.</subfield></datafield><datafield ind1="2" ind2=" " tag="710"><subfield code="a">Columbia University.</subfield><subfield code="b">Libraries.</subfield></datafield><datafield ind1="0" ind2=" " tag="730"><subfield code="a">Arabic Collections Online.</subfield></datafield><datafield ind1="0" ind2="8" tag="776"><subfield code="i">Print version:</subfield><subfield code="a">Malat&#803;i&#772;, Muh&#803;ammad ibn Ah&#803;mad, -987 or 988.</subfield><subfield code="t">al-Tanbi&#772;h wa-al-radd &#699;ala&#769; ahl al-ahwa&#772;&#700; wa-al-bida&#699;</subfield><subfield code="w">(NNC)3079548</subfield><subfield code="w">(OCoLC)47905562</subfield></datafield><datafield ind1="4" ind2="0" tag="856"><subfield code="u">http://hdl.handle.net/2333.1/dr7sqxrb</subfield></datafield><datafield ind1="1" ind2=" " tag="880"><subfield code="6">100-01/r</subfield><subfield code="a">&#1605;&#1604;&#1591;&#1610;&#1548; &#1605;&#1581;&#1605;&#1583; &#1576;&#1606; &#1575;&#1581;&#1605;&#1583;&#1548;</subfield><subfield code="d">-987 or 988.</subfield></datafield><datafield ind1="1" ind2="2" tag="880"><subfield code="6">245-02/r</subfield><subfield code="a">&#1575;&#1604;&#1578;&#1606;&#1576;&#1610;&#1607; &#1608;&#1575;&#1604;&#1585;&#1583; &#1593;&#1604;&#1609; &#1575;&#1607;&#1604; &#1575;&#1604;&#1575;&#1607;&#1608;&#1575;&#1569; &#1608;&#1575;&#1604;&#1576;&#1583;&#1593;.</subfield><subfield code="c">&#1593;&#1585;&#1601; &#1575;&#1604;&#1603;&#1578;&#1575;&#1576; &#1605;&#1581;&#1605;&#1583; &#1586;&#1575;&#1607;&#1583; &#1576;&#1606; &#1575;&#1604;&#1581;&#1587;&#1606; &#1575;&#1604;&#1603;&#1579;&#1585;&#1610;.</subfield></datafield><datafield ind1=" " ind2=" " tag="880"><subfield code="6">260-03/r</subfield><subfield code="a">[&#1605;&#1589;&#1585;] :</subfield><subfield code="b">&#1593;&#1586;&#1577; &#1575;&#1604;&#1593;&#1591;&#1575;&#1585;&#1548;</subfield><subfield code="c">1949.</subfield></datafield><datafield ind1="1" ind2=" " tag="880"><subfield code="6">700-04/r</subfield><subfield code="a">&#1603;&#1579;&#1585;&#1610;&#1548; &#1605;&#1581;&#1605;&#1583; &#1586;&#1575;&#1607;&#1583; &#1575;&#1604;&#1548;</subfield><subfield code="d">1879-1952&#1548;</subfield><subfield code="e">editor.</subfield></datafield><datafield ind1=" " ind2=" " tag="959"><subfield code="a">NNU</subfield><subfield code="b">WEB</subfield><subfield code="c">GENI</subfield><subfield code="t">0</subfield><subfield code="m">Electronic access</subfield><subfield code="s">01</subfield></datafield><datafield ind1=" " ind2=" " tag="999"><subfield code="i">NNC_3079548</subfield><subfield code="o">(OCoLC)ocm47905562</subfield><subfield code="s">columbia_aco000471</subfield><subfield code="e">(ERROR-880)</subfield><subfield code="s">columbia_aco000471</subfield></datafield></record>